% This file was created with JabRef 2.6.
% Encoding: Cp1252

@BOOK{sethian,
  title = {Level Set Methods and Fast Marching Methods},
  publisher = {Cambridge University Press},
  year = {1999},
  author = {J.A.Sethian}
}

@ARTICLE{jones,
  author = {Jones, M.W. and Baerentzen, J.A. and Sramek, M.},
  title = {{3D} distance fields: a survey of techniques and applications},
  journal = {Visualization and Computer Graphics, {IEEE} Transactions on},
  year = {2006},
  volume = {12},
  pages = {581--599},
  number = {4},
  month = {july-aug.}
}

@BOOK{osher,
  title = {Level Set Methods and Dynamic Implicit Surfaces},
  publisher = {Springer-Verlag New York, Inc. },
  year = {2003},
  author = {Stanley Osher and Ronald Fedkiw}
}

